
@article{osher1988fronts,
  title={Fronts propagating with curvature-dependent speed: algorithms based on Hamilton-Jacobi formulations},
  author={Osher, Stanley and Sethian, James A},
  journal={Journal of Computational Physics},
  volume={79},
  number={1},
  pages={12--49},
  year={1988},
  publisher={Elsevier}
}
}

%--------------------------------------------------------------
@book{osherbook2003level,
  title={Level set methods and dynamic implicit surfaces},
  author={Osher, Stanley and Fedkiw, Ronald},
  year={2003},
  publisher={Springer-Verlag New York Inc.}
}

%--------------------------------------------------------------
@article{chan2001active,
  title={Active contours without edges},
  author={Chan, Tony F and Vese, Luminita A},
  journal={IEEE transactions on Image Processing},
  volume={10},
  number={2},
  pages={266--277},
  year={2001},
  publisher={IEEE}
}

%--------------------------------------------------------------
@article{vese2002multiphase,
  title={A multiphase level set framework for image segmentation using the Mumford and Shah model},
  author={Vese, Luminita A and Chan, Tony F},
  journal={International Journal of Computer Vision},
  volume={50},
  number={3},
  pages={271--293},
  year={2002},
  publisher={Springer}
}

%--------------------------------------------------------------
@article{chan2000active,
  title={Active contours without edges for vector-valued images},
  author={Chan, Tony F and Sandberg, B Yezrielev and Vese, Luminita A},
  journal={Journal of Visual Communication and Image Representation},
  volume={11},
  number={2},
  pages={130--141},
  year={2000},
  publisher={Elsevier}
}

%--------------------------------------------------------------









